<collection xmlns="http://www.loc.gov/MARC21/slim">
<record>
  <leader>01895nam0a22003491i 450 </leader>
  <controlfield tag="001">IT\ICCU\CNCE\047552</controlfield>
  <controlfield tag="005">20190306000000.0</controlfield>
  <datafield tag="012" ind1=" " ind2=" ">
    <subfield code="a">s,ac umm; umo, gipp (3) 1600 (R)</subfield>
    <subfield code="2">fei</subfield>
  </datafield>
  <datafield tag="100" ind1=" " ind2=" ">
    <subfield code="a">19990224d1600        0itac0103    ba</subfield>
  </datafield>
  <datafield tag="101" ind1=" " ind2=" ">
    <subfield code="a">LAT</subfield>
  </datafield>
  <datafield tag="102" ind1=" " ind2=" ">
    <subfield code="a">IT</subfield>
  </datafield>
  <datafield tag="200" ind1="1" ind2=" ">
    <subfield code="a">Summa s. Raymundi a Peniafort Barcinoniensis vna cum glossis Io. de Friburgo ad potentissimum Philippum III Hyspaniarum ac Indiarum regem catholicum fideique protectorem</subfield>
  </datafield>
  <datafield tag="210" ind1=" " ind2=" ">
    <subfield code="a">Romae</subfield>
    <subfield code="c">ex typographia Dominici Lilioti</subfield>
    <subfield code="d">1600</subfield>
  </datafield>
  <datafield tag="215" ind1=" " ind2=" ">
    <subfield code="a">\4!, 584 \i.e. 582!, \2! p.</subfield>
    <subfield code="c">front. calcogr.</subfield>
    <subfield code="d">fol</subfield>
  </datafield>
  <datafield tag="620" ind1=" " ind2=" ">
    <subfield code="a">IT</subfield>
    <subfield code="d">Roma</subfield>
  </datafield>
  <datafield tag="700" ind1=" " ind2="0">
    <subfield code="a">Ramon</subfield>
    <subfield code="c"> : de#Penyafort</subfield>
    <subfield code="c"> &lt;santo&gt;</subfield>
    <subfield code="3">IT\ICCU\CNCA\012756</subfield>
  </datafield>
  <datafield tag="702" ind1=" " ind2="0">
    <subfield code="a">Johannes</subfield>
    <subfield code="c"> : von#Freiburg</subfield>
    <subfield code="3">IT\ICCU\CNCA\012757</subfield>
  </datafield>
  <datafield tag="712" ind1="0" ind2="0">
    <subfield code="a">Gigliotti, Domenico</subfield>
    <subfield code="3">IT\ICCU\CNCT\000098</subfield>
    <subfield code="4">650</subfield>
  </datafield>
  <datafield tag="790" ind1=" " ind2="0">
    <subfield code="a">Raymundus</subfield>
    <subfield code="c"> : de#Pennaforte</subfield>
    <subfield code="c"> &lt;santo&gt;</subfield>
    <subfield code="3">IT\ICCU\CNCA\008865</subfield>
    <subfield code="z">Ramon : de#Penyafort &lt;santo&gt;</subfield>
  </datafield>
  <datafield tag="790" ind1=" " ind2="0">
    <subfield code="a">Raymond</subfield>
    <subfield code="c"> : de#Peąfort</subfield>
    <subfield code="c"> &lt;Saint&gt;</subfield>
    <subfield code="3">IT\ICCU\CNCA\023413</subfield>
    <subfield code="z">Ramon : de#Penyafort &lt;santo&gt;</subfield>
  </datafield>
  <datafield tag="790" ind1=" " ind2="0">
    <subfield code="a">Raymundus</subfield>
    <subfield code="c"> : a#Penia Fort</subfield>
    <subfield code="3">IT\ICCU\CNCA\023414</subfield>
    <subfield code="z">Ramon : de#Penyafort &lt;santo&gt;</subfield>
  </datafield>
  <datafield tag="790" ind1=" " ind2="1">
    <subfield code="a">Rumsik,</subfield>
    <subfield code="b">Johannes</subfield>
    <subfield code="3">IT\ICCU\CNCA\020129</subfield>
    <subfield code="z">Johannes : von#Freiburg</subfield>
  </datafield>
  <datafield tag="790" ind1=" " ind2="0">
    <subfield code="a">Iohannes</subfield>
    <subfield code="c"> : de#Friburgo</subfield>
    <subfield code="3">IT\ICCU\CNCA\024262</subfield>
    <subfield code="z">Johannes : von#Freiburg</subfield>
  </datafield>
  <datafield tag="791" ind1="0" ind2="0">
    <subfield code="a">Liliottus, Dominicus</subfield>
    <subfield code="3">IT\ICCU\CNCT\003187</subfield>
    <subfield code="z">Gigliotti, Domenico</subfield>
  </datafield>
  <datafield tag="791" ind1="0" ind2="0">
    <subfield code="a">Giliottus, Dominicus</subfield>
    <subfield code="3">IT\ICCU\CNCT\004875</subfield>
    <subfield code="z">Gigliotti, Domenico</subfield>
  </datafield>
  <datafield tag="791" ind1="0" ind2="0">
    <subfield code="a">Giliotti, Domenico</subfield>
    <subfield code="3">IT\ICCU\CNCT\004877</subfield>
    <subfield code="z">Gigliotti, Domenico</subfield>
  </datafield>
  <datafield tag="791" ind1="0" ind2="0">
    <subfield code="a">Osmarino, Domenico</subfield>
    <subfield code="3">IT\ICCU\CNCT\006394</subfield>
    <subfield code="z">Gigliotti, Domenico</subfield>
  </datafield>
  <datafield tag="801" ind1=" " ind2="3">
    <subfield code="a">IT</subfield>
    <subfield code="b">ICCU</subfield>
    <subfield code="c">20201115</subfield>
  </datafield>
  <datafield tag="899" ind1=" " ind2=" ">
    <subfield code="a">Biblioteca estera - Biblioteca de Reserva CRAI UB. Barcellona (Spagna)</subfield>
    <subfield code="1">AA0024</subfield>
  </datafield>
  <datafield tag="899" ind1=" " ind2=" ">
    <subfield code="a">Biblioteca Patriarcale S. Domenico. Bologna</subfield>
    <subfield code="1">BO0333</subfield>
    <subfield code="2">ZBO 05</subfield>
  </datafield>
  <datafield tag="899" ind1=" " ind2=" ">
    <subfield code="a">Biblioteca nazionale centrale. Roma</subfield>
    <subfield code="1">RM0267</subfield>
    <subfield code="2">BVE CR</subfield>
  </datafield>
  <datafield tag="899" ind1=" " ind2=" ">
    <subfield code="a">Biblioteca universitaria Alessandrina. Roma</subfield>
    <subfield code="1">RM0280</subfield>
    <subfield code="2">RML 01</subfield>
  </datafield>
</record>
</collection>
